<?xml version="1.0" encoding="UTF-8"?><record xmlns="http://www.loc.gov/MARC21/slim" xmlns:cinclude="http://apache.org/cocoon/include/1.0" xmlns:zs="http://www.loc.gov/zing/srw/">
  <leader>00436nz  a2200133n  4500</leader>
  <controlfield tag="001">nr 98041248 </controlfield>
  <controlfield tag="003">DLC</controlfield>
  <controlfield tag="005">19990701050901.0</controlfield>
  <controlfield tag="008">981113n| acannaabn          |a aaa     c</controlfield>
  <datafield tag="010" ind1=" " ind2=" ">
    <subfield code="a">nr 98041248 </subfield>
  </datafield>
  <datafield tag="040" ind1=" " ind2=" ">
    <subfield code="a">CLSU-ML</subfield>
    <subfield code="c">CLSU-ML</subfield>
  </datafield>
  <datafield tag="100" ind1="1" ind2=" ">
    <subfield code="a">Durlak, Joseph P.</subfield>
    <subfield code="t">Whose girl are you</subfield>
  </datafield>
  <datafield tag="400" ind1="1" ind2=" ">
    <subfield code="a">Durlak, Joseph P.</subfield>
    <subfield code="t">Czyja to dziewczyna</subfield>
  </datafield>
  <datafield tag="670" ind1=" " ind2=" ">
    <subfield code="a">Durlak, J.P. Whose girl are you, c1949:</subfield>
    <subfield code="b">caption (Whose girl are you : waltz = Czyja to dziewczyna)</subfield>
  </datafield>
</record>